@misc{13456,
author = {Author Lastname},
title = {Title 3},
year = {2016},
url = {arXiv:1603.00001}
}

@article{article2,
    title = {Title 2},
    year = {2016},
    journal = {Journal Name},
    author = {Author Lastname},
    DOI = {10.0001/002},
    keywords = { }
}

@article{article1,
    title = {Title 1},
    year = {2016},
    journal = {Journal Name},
    author = {Author Lastname},
    pages = {000--100},
    volume = {00},
    publisher = { },
    doi = {10.0001/001},
    keywords = {}
}