@inproceedings{crisan2013optimization,
  title={Optimization of a multi-touch sensing device for biomedical applications},
  author={Crisan, Septimiu and Tarnovan, Ioan Gavril},
  booktitle={Advanced Engineering Forum},
  volume={8},
  pages={545--552},
  year={2013},
  organization={Trans Tech Publ}
}

@inproceedings{shanis2003comparison,
  title={Comparison of mouse, touchpad and multitouch input technologies},
  author={Shanis, Jenna M and Hedge, Alan},
  booktitle={Proceedings of the Human Factors and Ergonomics Society Annual Meeting},
  volume={47},
  number={4},
  pages={746--750},
  year={2003},
  organization={SAGE Publications Sage CA: Los Angeles, CA}
}

@inproceedings{forlines2007direct,
  title={Direct-touch vs. mouse input for tabletop displays},
  author={Forlines, Clifton and Wigdor, Daniel and Shen, Chia and Balakrishnan, Ravin},
  booktitle={Proceedings of the SIGCHI conference on Human factors in computing systems},
  pages={647--656},
  year={2007},
  organization={ACM}
}

@inproceedings{tan2002kinesthetic,
  title={Kinesthetic cues aid spatial memory},
  author={Tan, Desney S and Pausch, Randy and Stefanucci, Jeanine K and Proffitt, Dennis R},
  booktitle={CHI'02 extended abstracts on Human factors in computing systems},
  pages={806--807},
  year={2002},
  organization={ACM}
}

@article{wallace1972spatial,
  title={Spatial SR compatibility effects involving kinesthetic cues.},
  author={Wallace, Richard J},
  journal={Journal of Experimental Psychology},
  volume={93},
  number={1},
  pages={163},
  year={1972},
  publisher={American Psychological Association}
}

@article{ahlstrom1990fatigue,
  title={Fatigue when using a touch screen},
  author={Ahlstrom, B and Lenman, S},
  journal={Work in progress},
  year={1990}
}

@article{beringer1985underlying,
  title={Underlying behavioral parameters of the operation of touch-input devices: Biases, models, and feedback},
  author={Beringer, Dennis B and Peterson, James G},
  journal={Human Factors: The Journal of the Human Factors and Ergonomics Society},
  volume={27},
  number={4},
  pages={445--458},
  year={1985},
  publisher={SAGE Publications}
}

@inproceedings{beringer1989operator,
  title={Operator behavioral biases using high-resolution touch input devices},
  author={Beringer, Dennis B and Bowman, Mary James},
  booktitle={Proceedings of the Human Factors and Ergonomics Society Annual Meeting},
  volume={33},
  number={5},
  pages={320--322},
  year={1989},
  organization={SAGE Publications}
}

@article{hall1988factors,
  title={Factors affecting performance using touch-entry systems: Tactual recognition fields and system accuracy.},
  author={Hall, Anthony D and Cunningham, James B and Roache, Richard P and Cox, Julie W},
  journal={Journal of applied psychology},
  volume={73},
  number={4},
  pages={711},
  year={1988},
  publisher={American Psychological Association}
}

@inproceedings{meyer1994device,
  title={Device comparisons for goal-directed drawing tasks},
  author={Meyer, Shawna and Cohen, Oryx and Nilsen, Erik},
  booktitle={Conference companion on Human factors in computing systems},
  pages={251--252},
  year={1994},
  organization={ACM}
}

@inproceedings{accot1997beyond,
  title={Beyond Fitts' law: models for trajectory-based HCI tasks},
  author={Accot, Johnny and Zhai, Shumin},
  booktitle={Proceedings of the ACM SIGCHI Conference on Human factors in computing systems},
  pages={295--302},
  year={1997},
  organization={ACM}
}

@inproceedings{forlines2007direct,
  title={Direct-touch vs. mouse input for tabletop displays},
  author={Forlines, Clifton and Wigdor, Daniel and Shen, Chia and Balakrishnan, Ravin},
  booktitle={Proceedings of the SIGCHI conference on Human factors in computing systems},
  pages={647--656},
  year={2007},
  organization={ACM}
}

@article{card1978evaluation,
  title={Evaluation of mouse, rate-controlled isometric joystick, step keys, and text keys for text selection on a CRT},
  author={Card, Stuart K and English, William K and Burr, Betty J},
  journal={Ergonomics},
  volume={21},
  number={8},
  pages={601--613},
  year={1978},
  publisher={Taylor \& Francis}
}

@article{sears1991high,
  title={High precision touchscreens: design strategies and comparisons with a mouse},
  author={Sears, Andrew and Shneiderman, Ben},
  journal={International Journal of Man-Machine Studies},
  volume={34},
  number={4},
  pages={593--613},
  year={1991},
  publisher={Elsevier}
}

@inproceedings{albinsson2003high,
  title={High precision touch screen interaction},
  author={Albinsson, P{\"a}r-Anders and Zhai, Shumin},
  booktitle={Proceedings of the SIGCHI conference on Human factors in computing systems},
  pages={105--112},
  year={2003},
  organization={ACM}
}

@inproceedings{benko2006precise,
  title={Precise selection techniques for multi-touch screens},
  author={Benko, Hrvoje and Wilson, Andrew D and Baudisch, Patrick},
  booktitle={Proceedings of the SIGCHI conference on Human Factors in computing systems},
  pages={1263--1272},
  year={2006},
  organization={ACM}
}

@inproceedings{esenther2006fluid,
  title={Fluid DTMouse: better mouse support for touch-based interactions},
  author={Esenther, Alan and Ryall, Kathy},
  booktitle={Proceedings of the working conference on Advanced visual interfaces},
  pages={112--115},
  year={2006},
  organization={ACM}
}

@inproceedings{kabbash1994two,
  title={Two-handed input in a compound task},
  author={Kabbash, Paul and Buxton, William and Sellen, Abigail},
  booktitle={Proceedings of the SIGCHI conference on Human Factors in Computing Systems},
  pages={417--423},
  year={1994},
  organization={ACM}
}

@inproceedings{balakrishnan1999role,
  title={The role of kinesthetic reference frames in two-handed input performance},
  author={Balakrishnan, Ravin and Hinckley, Ken},
  booktitle={Proceedings of the 12th annual ACM symposium on User interface software and technology},
  pages={171--178},
  year={1999},
  organization={ACM}
}

@inproceedings{latulipe2005bimanual,
  title={Bimanual and unimanual image alignment: an evaluation of mouse-based techniques},
  author={Latulipe, Celine and Kaplan, Craig S and Clarke, Charles LA},
  booktitle={Proceedings of the 18th annual ACM symposium on User interface software and technology},
  pages={123--131},
  year={2005},
  organization={ACM}
}

@inproceedings{latulipe2006symspline,
  title={symSpline: symmetric two-handed spline manipulation},
  author={Latulipe, Celine and Mann, Stephen and Kaplan, Craig S and Clarke, Charlie LA},
  booktitle={Proceedings of the SIGCHI conference on Human Factors in computing systems},
  pages={349--358},
  year={2006},
  organization={ACM}
}

@techreport{barnert2005comparison,
  title={A comparison of one-handed and two-handed direct and indirect computer interaction},
  author={Barnert, William C},
  year={2005},
  institution={Technical report, Tufts University}
}

@inproceedings{sousa2017vrrrroom,
  title={VRRRRoom: Virtual Reality for Radiologists in the Reading Room},
  author={Sousa, Maur{\'\i}cio and Mendes, Daniel and Paulo, Soraia and Matela, Nuno and Jorge, Joaquim and Lopes, Daniel Sim{\~o}es},
  booktitle={Proceedings of the 2017 CHI Conference on Human Factors in Computing Systems},
  pages={4057--4062},
  year={2017},
  organization={ACM}
}

@article{mildenberger2002introduction,
  title={Introduction to the DICOM standard},
  author={Mildenberger, Peter and Eichelberg, Marco and Martin, Eric},
  journal={European radiology},
  volume={12},
  number={4},
  pages={920--927},
  year={2002},
  publisher={Springer}
}

@misc{cornerstone,
  key = "cornerstone",
  title = {{JavaScript library to display interactive medical images including but not limited to DICOM.}},
   note = {\url{https://github.com/chafey/cornerstone}}
}

@inproceedings{houben2014hypr,
  title={Hypr device: Mobile support for hybrid patient records},
  author={Houben, Steven and Frost, Mads and Bardram, Jakob E},
  booktitle={Proceedings of the Ninth ACM International Conference on Interactive Tabletops and Surfaces},
  pages={249--258},
  year={2014},
  organization={ACM}
}

@inproceedings{augstein2013fun,
  title={The fun. tast. tisch. project: a novel approach to neuro-rehabilitation using an interactive multiuser multitouch tabletop},
  author={Augstein, Mirjam and Neumayr, Thomas and Ruckser-Scherb, Renate and Karlhuber, Isabel and Altmann, Josef},
  booktitle={Proceedings of the 2013 ACM international conference on Interactive tabletops and surfaces},
  pages={81--90},
  year={2013},
  organization={ACM}
}

@article{tsang2001improvement,
  title={Improvement in diabetes control with a monitoring system based on a hand-held, touch-screen electronic diary},
  author={Tsang, MW and Mok, M and Kam, G and Jung, M and Tang, A and Chan, U},
  journal={Journal of telemedicine and telecare},
  volume={7},
  number={1},
  pages={47--50},
  year={2001},
  publisher={SAGE Publications Sage UK: London, England}
}

@inproceedings{holzinger2002finger,
  title={Finger instead of mouse: touch screens as a means of enhancing universal access},
  author={Holzinger, Andreas},
  booktitle={ERCIM Workshop on User Interfaces for All},
  pages={387--397},
  year={2002},
  organization={Springer}
}

@article{doi2007computer,
  title={Computer-aided diagnosis in medical imaging: historical review, current status and future potential},
  author={Doi, Kunio},
  journal={Computerized medical imaging and graphics},
  volume={31},
  number={4},
  pages={198--211},
  year={2007},
  publisher={Elsevier}
}

@misc{seibel2005medical,
  title={Medical imaging, diagnosis, and therapy using a scanning single optical fiber system},
  author={Seibel, Eric J},
  year={2005},
  month=dec # "~13",
  publisher={Google Patents},
  note={US Patent 6,975,898}
}

@article{doi2005current,
  title={Current status and future potential of computer-aided diagnosis in medical imaging},
  author={Doi, Kunio},
  journal={The British journal of radiology},
  volume={78},
  number={suppl\_1},
  pages={s3--s19},
  year={2005},
  publisher={British Institute of Radiology}
}

@article{watson1999panas,
  title={The PANAS-X: Manual for the positive and negative affect schedule-expanded form},
  author={Watson, David and Clark, Lee Anna},
  year={1999}
}

@article{ryan1982control,
  title={Control and information in the intrapersonal sphere: An extension of cognitive evaluation theory.},
  author={Ryan, Richard M},
  journal={Journal of personality and social psychology},
  volume={43},
  number={3},
  pages={450},
  year={1982},
  publisher={American Psychological Association}
}

@article{broeck2010capturing,
  title={Capturing autonomy, competence, and relatedness at work: Construction and initial validation of the Work-related Basic Need Satisfaction scale},
  author={Broeck, Anja and Vansteenkiste, Maarten and Witte, Hans and Soenens, Bart and Lens, Willy},
  journal={Journal of Occupational and Organizational Psychology},
  volume={83},
  number={4},
  pages={981--1002},
  year={2010},
  publisher={Wiley Online Library}
}

@inproceedings{nacher2016kindergarten,
  title={Are Kindergarten Children Ready for Indirect Drag Interactions?},
  author={Nacher, Vicente and Ferreira, Alfredo and Jaen, Javier and Garcia-Sanjuan, Fernando},
  booktitle={Proceedings of the 2016 ACM on Interactive Surfaces and Spaces},
  pages={95--101},
  year={2016},
  organization={ACM}
}

@inproceedings{watson2013deconstructing,
  title={Deconstructing the touch experience},
  author={Watson, Diane and Hancock, Mark and Mandryk, Regan L and Birk, Max},
  booktitle={Proceedings of the 2013 ACM international conference on Interactive tabletops and surfaces},
  pages={199--208},
  year={2013},
  organization={ACM}
}

@inproceedings{kin2009determining,
  title={Determining the benefits of direct-touch, bimanual, and multifinger input on a multitouch workstation},
  author={Kin, Kenrick and Agrawala, Maneesh and DeRose, Tony},
  booktitle={Proceedings of Graphics interface 2009},
  pages={119--124},
  year={2009},
  organization={Canadian Information Processing Society}
}

@article{bloom1988structure,
  title={Structure and ideology in medical education: an analysis of resistance to change},
  author={Bloom, Samuel W},
  journal={Journal of health and social behavior},
  pages={294--306},
  year={1988},
  publisher={JSTOR}
}

@misc{seibel2005medical,
  title={Medical imaging, diagnosis, and therapy using a scanning single optical fiber system},
  author={Seibel, Eric J},
  year={2005},
  month=dec # "~13",
  publisher={Google Patents},
  note={US Patent 6,975,898}
}

@article{mcfarlane2002comparison,
  title={Comparison of four primary methods for coordinating the interruption of people in human-computer interaction},
  author={McFarlane, Daniel},
  journal={Human-Computer Interaction},
  volume={17},
  number={1},
  pages={63--139},
  year={2002},
  publisher={L. Erlbaum Associates Inc.}
}

@article{theodorsson1986kruskal,
  title={Kruskal-Wallis test: BASIC computer program to perform nonparametric one-way analysis of variance and multiple comparisons on ranks of several independent samples},
  author={Theodorsson-Norheim, Elvar},
  journal={Computer methods and programs in biomedicine},
  volume={23},
  number={1},
  pages={57--62},
  year={1986},
  publisher={Elsevier}
}
